@article{ZHOU2022105025,
    title = {Coupled dynamic modeling and experimental validation of a collaborative industrial mobile manipulator with human-robot interaction},
    journal = {Mechanism and Machine Theory},
    volume = {176},
    pages = {105025},
    year = {2022},
    issn = {0094-114X},
    doi = {10.1016/j.mechmachtheory.2022.105025},
    author = {Zhengxue, Zhou and Xingyu, Yang and Hao, Wang and Xuping, Zhang}
}

@INPROCEEDINGS{Dai2025jun,
    author = {Dai, Min and Lu, Zehui and Li, Na and Wang, Yebin},
    title = {{Enhanced Agility and Safety in Mobile Manipulators through Centroidal Momentum Based Motion Planning}},
    booktitle = {European Control Conference (ECC)},
    year = {2025}
}


@book{DeJalon1994MBS,
    title     = {Kinematic and Dynamic Simulation of Multibody Systems: The Real-Time Challenge},
    author    = {Garcia de Jalon, J. and Bayo, E.},
    publisher = {Springer},
    year      = {1994},
    doi       = {10.1007/978-1-4612-2616-0}
}