
@book{Kohm2020Koma,
  author = {Markus Kohm},
  title = {KOMA-Script},
  year = {2020},
  publisher = {Lehmanns Media},
  address = {Berlin},
  edition = {7}
}
