@Book{wilson16,
  author =       {Wilson, Peter},
  title =        {The Memoir Class for Configurable Typesetting. User Guide},
  publisher =    {The Herries Press},
  year =         2016,
  address =      {Normandy Park},
  note =         {\newline\texttt{http://mirrors.ctan.org/macros/latex/contrib/memoir/memman.pdf}}
}
@Book{kohm20,
  author =       {Kohm, Markus},
  title =        {KOMA-Script},
  publisher =    {Lehmanns Media},
  year =         2020,
  series =       {Edition DANTE},
  address =      {Berlin},
  edition =      7,
  isbn =         {978-3-96543-097-6},
}

